<?xml version="1.0" encoding="UTF-8"?><record xmlns="http://www.loc.gov/MARC21/slim" xmlns:cinclude="http://apache.org/cocoon/include/1.0" xmlns:zs="http://www.loc.gov/zing/srw/">
  <leader>00411nz  a2200133n  4500</leader>
  <controlfield tag="001">n  98054816 </controlfield>
  <controlfield tag="003">DLC</controlfield>
  <controlfield tag="005">19980616130830.0</controlfield>
  <controlfield tag="008">980616n| acannaab|          |a aaa |||  </controlfield>
  <datafield tag="010" ind1=" " ind2=" ">
    <subfield code="a">n  98054816 </subfield>
  </datafield>
  <datafield tag="040" ind1=" " ind2=" ">
    <subfield code="a">DLC</subfield>
    <subfield code="c">DLC</subfield>
  </datafield>
  <datafield tag="100" ind1="1" ind2="0">
    <subfield code="a">Uehlein, Christopher.</subfield>
    <subfield code="t">Variations on carols for Advent</subfield>
  </datafield>
  <datafield tag="400" ind1="1" ind2="0">
    <subfield code="a">Uehlein, Christopher.</subfield>
    <subfield code="t">Four variations on carols for Advent</subfield>
  </datafield>
  <datafield tag="670" ind1=" " ind2=" ">
    <subfield code="a">Four variations on carols for Advent, c1991.</subfield>
  </datafield>
</record>